@manual {jwt,
	title = {https://jwt.io/introduction/},
	author = {Auth0 Inc.},
	langid = {english},
}

@manual {http,
	note = {https://developer.mozilla.org/pl/docs/Web/HTTP},
	author = {Autorzy MDN},
	langid = {polish},
}

@manual {allegroApi,
	title = {{Allegro REST API}},
	note = {https://developer.allegro.pl/},
	langid = {polish},
}

@manual {api_gateway,
	title = {Apigateway},
	note = {https://microservices.io/},
	author = {Chris Richardson},
	langid = {english},
}

@manual {rest,
	title = {Rest API},
	langid = {english},
	author={https://restfulapi.net/}
}

@phdthesis {fielding,
	author		= "Fielding, Roy Thomas",
	title		= "Architectural Styles and the Design of Network-based Software Architectures",
	school		= "University of California",
	year		= "2000",
	langid = {english},
}
